@article{Kommi2011,
author = "Tirupathaiah Kommi and Srikanth Jatla",
title = "Text Categorization using Distributional Features and Semantic Equivalence",
year = "2011",
journal="International Journal of Computer Applications"}

@article{Sebastiani2002,
author = "F. Sebastiani",
title = "Machine Learning in Automated Text Categorization",
year = "2002",
journal = "ACM Computing Surveys",
volume = "34 (1)",
pages = "1-47",
}

@article{Xue2007,
author = "Xiao-Bing Xue and Zhi-Hua Zhou",
title = "Distributional Features for Text Categorization",
year = "2007",
journal = "IEEE Transactions on Knowledge and Data Engineering",
}

@article{Bekkerman2001,
author = "Ron Bekkerman and Ran El-Yaniv and Naftali Tishby and Yoad Winter",
title = "On Feature Distributional Clustering for Text Categorization",
year = "2001",
journal = "SIGIR",
}

@inproceedings{Han2012,
author = "Bo Han and Paul Cook and Timothy Baldwin",
title = "Automatically Constructing a Normalisation Dictionary for Microblogs",
year = "2012",
booktitle = "EMNLP"
}
@inproceedings{Cardoso2007,
author = "Ana Cardoso-Cachopo and Arlindo Oliveira",
title = "Semi-supervised Single-label Text Categorization using Centroid-based Classifiers",
year = "2007",
booktitle = "22nd Annual ACM Symposium on Applied Computing (SAC), Special Track on Information Access and Retrieval (IAR)",
pages = "844-851",
place = "Seoul, Korea"
}

@inproceedings{Cardoso2007lsi,
author = "Ana Cardoso-Cachopo and Arlindo Oliveira",
title = "Combining LSI with Other Classifiers to Improve Accuracy of Single-label Text Classification",
year = "2007",
booktitle = "First European Workshop on Latent Semantic Analysis in Technology Enhanced Learning",
}

@inproceedings{Kadar2011,
author = "Cristina Kadar and Jose Iria",
title = "Domain Adaptation for Text Categorization by Feature Labelling",
year = "2011",
booktitle = "Domain Adaptation for Text Categorization by Feature Labelling",
}

@inproceedings{OSeaghdha2008,
author = "Diarmuid O'Seaghdha and Ann Copestake",
title = "Semantic Classification with Distributional Kernels",
year = "2008",
booktitle ="22nd International Conference on Computational Linguistics (COLING)",
place = "Manchester, UK"
}

@phdthesis{Cardoso2007thesis,
author = "Ana Cardoso-Cachopo",
title = "Improving Methods for Single-label Text Categorization",
year="2007"
}

@inproceedings{Kriegel2004,
author = "Hans-Peter Kriegel and Matthias Schubert",
title="Classification of Websites as Sets of Feature Vectors",
year="2004",
booktitle="IASTED International Conference on Databases and Applications",
place="Innsbruck, Austria"
}

@article{Turney2012,
author= "Peter D. Turney",
title="Domain and Function: A Dual-Space Model of Semantic Relations and Compositions",
year="2012",
journal="Journal of Artificial Intelligence Research 44"
}

@inproceedings{Baroni2010,
author= "Marco Baroni and Roberto Zamparelli",
title = "Nouns are Vectors, Adjectives are Matrices: Representing Adjective-Noun Constructions in Semantic Space",
year="2010",
booktitle="Proceedings of the 2010 Conference on Empirical Methods in Natural Language Processing"
}

@inproceedings{Baroni2011,
author="Marco Baroni and Alessandro Lenci",
title="How we {BLESS}ed distributional semantic evaluation",
year="2011",
booktitle="Proceedings of the GEMS 2011 workshop on Geometic Models of Natural Language Semantics, EMNLP 2011",
place="Edinburgh, Scotland"
}

@inproceedings{Geffet2005,
author="Maayan Geffet and Ido Dagan",
title="Lexical Entailment and the Distributional Inclusion Hypothesis",
year="2005",
booktitle="Proceedings of the 43rd meeting of the Association for Computational Liuguistics (ACL)",
pages="107-114"
}


@phdthesis{Clarke2007,
author="Daoud Clarke",
title="Context-theoretic Semantics for Natural Language: an Algebraic Framework",
school="University of Sussex",
year="2007"
}

@inproceedings{Weeds2003,
  author = {Weeds, Julie  and  Weir, David},
  title  = {A General Framework for Distributional Similarity},
  booktitle = {Proceedings of the 2003 Conference on Empirical Methods in Natural Language Processing},
  editor = {Michael Collins and Mark Steedman},
  url    = {http://www.aclweb.org/anthology/W03-1011.pdf},
  year   = 2003,
  pages  = {81--88}
  }

@inproceedings{Lenci2012,
author="Alessandro Lenci and Giulia Benotto",
title="Identifying hypernyms in distributional semantic spaces",
year="2012",
booktitle="Proceedings of the First Joint Conference on Lexical and Computational Semantics (*Sem)",
place="Montreal, Canada"
}
@inproceedings{Weeds2004,
  author    = {Weeds, Julie  and  Weir, David  and  McCarthy, Diana},
  title     = {Characterising Measures of Lexical Distributional Similarity },
  booktitle = {Proceedings of Coling 2004 },
  editor = {},
  year      = 2004,
  month     = {Aug 23--Aug 27},
  address   = {Geneva, Switzerland},
  publisher = {COLING},
  pages     = {1015--1021}
}

@inproceedings{Lin1998,
author="Dekang Lin",
title="Automatic Retrieval and Clustering of Similar Words",
year="1998",
booktitle="Proceedings of the 17th International Conference on Computational Linguistings (COLING 1998)"
}
@article{Harris1954,
author = "Zelig Harris",
title="Distributional Structure",
journal="Word",
year = "1954",
volume="10",
pages="146-162"
}
@inproceedings{Kilgarriff2000,
author="Adam Kilgarriff and Colin Yallop",
title="What's in a Thesaurus?",
year="2000",
booktitle="Proceedings of the 2nd International Conference on Language Resources and Evaluation (LREC2000)"
}

@InProceedings{Lee1999,
  author    = {Lillian Lee},
  title     = {Measures of Distributional Similarity},
  booktitle = {Proceedings of the 37th Annual Meeting of the Association for Computational Linguistics},
  month     = {June},
  year      = {1999},
  address   = {College Park, Maryland, USA},
  publisher = {Association for Computational Linguistics},
  pages     = {25--32},
  url       = {http://www.aclweb.org/anthology/P99-1004},
  doi       = {10.3115/1034678.1034693}
}

@phdthesis{Curran2004,
author="James Curran",
title="From Distributional to Semantic Similarity",
year="2004",
school="University of Edinburgh"
}
@inproceedings{Bollegala2011,
author="Danushka Bollegala and David Weir and John Carroll",
title="Using Multiple Sources to Construct a Sentiment Sensitive Thesaurus for Cross-Domain Sentiment Classification",
year="2011",
booktitle="Proceedings of the 49th Annual Meeting of the Association for Computational Linguistics: Human Language Technologies (ACL-HLT 2011)"
}

@InProceedings{Mikolov2013,
  author    = {Mikolov, Tomas  and  Yih, Wen-tau  and  Zweig, Geoffrey},
  title     = {Linguistic Regularities in Continuous Space Word Representations},
  booktitle = {Proceedings of the 2013 Conference of the North American Chapter of the Association for Computational Linguistics: Human Language Technologies},
  month     = {June},
  year      = {2013},
  address   = {Atlanta, Georgia},
  publisher = {Association for Computational Linguistics},
  pages     = {746--751},
  url       = {http://www.aclweb.org/anthology/N13-1090}
}

@article{Kotlerman2010,
author="Lili Kotlerman and Ido Dagan and Idan Szpektor and Maayan Zhitomirsky-Geffet",
title="Directional Distributional Similarity for Lexical Inference",
journal="Special Issue of Natural Language Engineering on Distributional Lexical Semantics",
volume="4(16)",
year="2010",
pages="359-389",
publisher="Cambridge University Press"
}

@InProceedings{Snow2006,
  title = "Semantic Taxonomy Induction from Heterogenous Evidence",
  author = "Rion Snow and Daniel Jurafsky and Andrew Y. Ng",
  bibdate = "2013-03-04",
  bibsource = "DBLP, http://dblp.uni-trier.de/db/conf/acl/acl2006.html#SnowJN06",
  booktitle = "ACL",
  booktitle = "{ACL} 2006, 21st International Conference on Computational Linguistics and 44th Annual Meeting of the Association for Computational Linguistics, Proceedings of the Conference, Sydney, Australia, 17-21 July 2006",
  publisher = "The Association for Computer Linguistics",
  year = "2006",
  editor = "Nicoletta Calzolari and Claire Cardie and Pierre Isabelle",
  URL = "http://aclweb.org/anthology/P/P06/",
}

@book{Abramovich:02,
	author = "Yuri A.~Abramovich and Charalambos D.~Aliprantis",
	title = "An Invitation to Operator Theory",
	publisher = "American Mathematical Society",
	year = "2002"
}
@Article{Abrusci:91,
	author = "V.~M.~Abrusci",
	year = "1991",
	title = "Phase semantics and sequent calculus for pure Noncommutative Classical Linear Propositional Logic",
	journal = "The Journal of Symbolic Logic",
	volume = "56",
	pages = "1403--1451" 
}

@Article{Ajdukiewicz:35,
	author = "K.~Ajdukiewicz",
	year = "1935",
	title = "Die syntaktische Konnexit\v at",
	journal = "Studia Philosophica",
	volume = "1",
	pages = "1--28" 
}


@Article{Alfonseca:02,
  author =	"Enrique Alfonseca and Suresh Manandhar",
  title =	"Extending a Lexical Ontology by a Combination of
		 Distributional Semantics Signatures",
  journal =	"Lecture Notes in Computer Science",
  volume =	"2473",
  year = 	"2002"
 }

@Book{Aliprantis:85,
	author = "Charalambos D.~Aliprantis and Owen Burkinshaw",
	title = "Positive Operators",
	publisher = "Academic Press",
	year = "1985"
}

@Article{Bangalore:99,
  title =	"Supertagging: An Approach to Almost Parsing",
  author =	"Srinivas Bangalore and Aravind K. Joshi",
  journal =	"Computational Linguistics",
  year = 	"1999",
  number =	"2",
  volume =	"25",
  bibdate =	"2002-01-03",
  bibsource =	"DBLP,
		 http://dblp.uni-trier.de/db/journals/coling/coling25.html#BangaloreJ99",
  pages =	"237--265",
}

@inproceedings{Bar-Haim:06,
  title={The second pascal recognising textual entailment challenge},
  author={Roy Bar-Haim and Ido Dagan and Bill Dolan and Lisa Ferro and Danilo Giampiccolo and Bernardo Magnini and Idan Szpektor},
  booktitle={Proceedings of the Second PASCAL Challenges Workshop on Recognising Textual Entailment},
  pages={1--9},
  year={2006},
}

@Book{Bar-Hillel:64,
  year =        {1964},
  annote =      "barhillel64",
  address =     "Reading, MA.",
  title =       "Language and Information: Selected Essays on their Theory and Application",
  publisher =   "Addison-Wesley Publishing Co.",
  key =         "Bar-Hillel",
  author =      "Yehoshua Bar-Hillel"
}

@inproceedings{Baroni:10,
  author = "Marco Baroni and Roberto Zamparelli",
  year = "2010",
  title = "Nouns are vectors, adjectives are matrices: Representing adjective-noun constructions in semantic space",
  booktitle = "Proceedings of the Conference on Empirical Methods in Natural Language Processing (EMNLP 2010), East Stroudsburg PA: ACL",
  pages = "1183--1193"
}

@Article{Bar-Hillel:50,
  title =       "On Syntactical Categories",
  author =      "Yehoshua Bar-Hillel",
  journal =     "Journal of Symbolic Logic",
  year =        "1950",
  number =      "1",
  volume =      "15",
  bibdate =     "2003-11-20",
  pages =       "1--16"
}

@Article{Barwise:81,
  author =       "Jon Barwise and Robin Cooper",
  title =        "Generalized Quantifiers and Natural Language",
  year =         "1981",
  journal =      "Linguistics and Philosophy",
  pages =        "159--219",
  volume =       "4",
}

@Book{Berberian:61,
	author = "Sterling K. Berberian",
	title = "Introduction to Hilbert Space",
	publisher = "Oxford University Press",
	year = "1961"
}


@Article{Bellegarda:00,
  author = 	 {Jerome R. Bellegarda},
  title = 	 {Exploiting Latent Semantic Information in Statistical Language Modeling},
  journal = 	 {Proceedings of the IEEE},
  year = 	 2000,
  volume =	 88,
  number =	 8,
  pages =	 {1279--1296}
}

@inproceedings{Bhagat:07,
  title={LEDIR: An unsupervised algorithm for learning directionality of inference rules},
  author={Bhagat, Rahul and Pantel, Patrick and Hovy, Eduard and Rey, Marina},
  booktitle={Proceedings of EMNLP-CoNLL},
  pages={161--170},
  year={2007}
}

@book{Birkhoff:48,
  author =       "Garrett Birkhoff",
  title =        "Lattice Theory",
  publisher =      "Amer. Math. Soc. Colloquium Publications",
  year =         "1973",
  address =      "New York"
}

@book{Blackburn:05,
	author = "Patrick Blackburn and Johan Bos",
	title = "Representation and Inference for Natural Language",
	year = "2005",
	publisher = "CSLI"
}

@Article{Blei:03,
  author =	"David M. Blei and Andrew Y. Ng and Michael I. Jordan",
  title =	"Latent {Dirichlet} Allocation",
  journal =	"Journal of Machine Learning Research",
  volume =	"3",
  year = 	"2003",
  pages =	"993--1022",
}

@book{Borowski:99,
	author = "E.~J.~Borowski and J.~M.~Borwein",
	title = "Dictionary of Mathematics",
	publisher = "Unwin Hyman",
	year = "1999"
}

@inproceedings{Bos:05,
	author = "Johan Bos",
	year = "2005",
	title = "Towards wide-coverage semantic interpretation",
	booktitle = "Proceedings of Sixth International Workshop on Computational Semantics IWCS-6",
	pages = "42?53",
}

@InProceedings{Boyd-Graber:07,
  author    = {Boyd-Graber, Jordan  and  Blei, David  and  Zhu, Xiaojin},
  title     = {A Topic Model for Word Sense Disambiguation},
  booktitle = {Proceedings of the 2007 Joint Conference on Empirical Methods in Natural Language Processing and Computational Natural Language Learning (EMNLP-CoNLL)},
  pages     = {1024--1033},
year = {2007}
}

@inproceedings{Bos:06,
	title = "When logical inference helps determining textual entailment (and when it {doesn't}) ",
	author = "Johan Bos and Katja Markert",
	booktitle = "Proceedings of the Second PASCAL Challenges Workshop on Recognising Textual Entailment",
	year = "2006",
}

@inproceedings{Briscoe:02,
	author = "E. Briscoe and John Carroll",
	title = "Robust accurate statistical annotation of general text",
	booktitle = "Third International Conference on Language Resources and Evaluation, Las Palmas, Gran Canaria",
	year = "2002",
	pages = "1499--1504",
}

@inproceedings{Briscoe:06,
	author = "E.~Briscoe and John Carroll and R.~Watson",
	year =  "2006",
	title = "The Second Release of the RASP System",
	booktitle = "Proceedings of the COLING/ACL 2006 Interactive Presentation Sessions, Sydney, Australia",
}

@article{Budanitsky:06,
	author="Alexander Budanitsky and Graeme Hirst",
	title="Evaluating WordNet-based measures of semantic distance",
	journal="Computational Linguistics",
	volume="32(1)",
	year="2006",
	pages="13--47"
}

@InProceedings{Cai:07,
  author    = {Cai, Junfu  and  Lee, Wee Sun  and  Teh, Yee Whye},
  title     = {Improving Word Sense Disambiguation Using Topic Features},
  booktitle = {Proceedings of the 2007 Joint Conference on Empirical Methods in Natural Language Processing and Computational Natural Language Learning (EMNLP-CoNLL)},
  pages     = {1015--1023},
  year = {2007}
}

@Article{Casadio:02,
  title =       "A Tale of Four Grammars",
  author =      "Claudia Casadio and Joachim Lambek",
  journal =     "Studia Logica",
  year =        "2002",
  number =      "3",
  volume =      "71",
  bibdate =     "2002-11-26",
  bibsource =   "DBLP,
                 http://dblp.uni-trier.de/db/journals/sLogica/sLogica71.html#CasadioL02",
  pages =       "315--329",
}


@phdthesis{Chen:02,
	author = "Joseph C.~H.~Chen",
	school = "Dept.~of Computer Science, U. of Hamburg",
	title = "Quantum Computation and Natural Language Processing",
	year = "2002"
}

@InProceedings{Choi:01,
  author = 	 {Freddy Choi and Peter Wiemer-Hastings and Johanna Moore},
  title = 	 {Latent {S}emantic {A}nalysis for text segmentation},
  booktitle = {Proceedings of the 2001 Conference on Empirical Methods in Natural Language Processing},
  pages =  {109--117},
  year = {2001}
}

@inproceedings{Clark:07,
	title = "Combining Symbolic and Distributional Models of Meaning",
	author = "Stephen Clark and Stephen Pulman",
	booktitle = "Proceedings of the AAAI Spring Symposium on Quantum Interaction",
	pages = "52--55",
	address = "Stanford, CA",
	year = "2007"
}

@InProceedings{Clark:08,
  author = 	 {Stephen Clark and Bob Coecke and Mehrnoosh Sadrzadeh},
  title = 	 {A Compositional Distributional Model of Meaning},
  booktitle = {Proceedings of the Second Quantum Interaction Symposium (QI-2008)},
year = 	 {2008},
  address = {Oxford, UK},
  pages = {133--140},
}
@book{Clarke:03,
    author = {Daoud Clarke},
    title = {A Semigroup Framework for Natutal Language Processing},
    publisher = {Masters Thesis, Dept. of Computing, Imperial College of Science, Technology and Medicine, London},
    year = {2003}
}

@phdthesis{Clarke:07,
	author = "Daoud Clarke",
	school = "Department of Informatics, University of Sussex",
	title = "Context-theoretic Semantics for Natural Language: an Algebraic Framework",
	year = "2007"
}

@inproceedings{Clarke:06,
	author = "Daoud Clarke",
	title = "Meaning as Context and Subsequence Analysis for Textual Entailment",
	booktitle = "Proceedings of the Second PASCAL Recognising Textual Entailment Challenge",
	year = "2006",
	pages = {134--139}
}

@inproceedings{Clarke:09,
	author = "Daoud Clarke",
	title = "Context-theoretic Semantics for Natural Language: an Overview",
	booktitle = "Proceedings of the Workshop of Geometric Models for Natural Language Semantics",
	year = "2009",
}  

@article{Clarke:12,
  title = {Challenges for Distributional Compositional Semantics},
  author = {Daoud Clarke},
  journal = {CoRR},
  year = {2012},
  volume = {abs/1207.2265},
  bibdate = {2012-08-14},
  bibsource = {DBLP, http://dblp.uni-trier.de/db/journals/corr/corr1207.html#abs-1207-2265},
  url = {http://arxiv.org/abs/1207.2265}
}

@article{Coecke:10,
  author    = {Bob Coecke and
               Mehrnoosh Sadrzadeh and
               Stephen Clark},
  title     = {Mathematical Foundations for a Compositional Distributional
               Model of Meaning},
  journal   = {CoRR},
  volume    = {abs/1003.4394},
  year      = {2010},
  ee        = {http://arxiv.org/abs/1003.4394},
  bibsource = {DBLP, http://dblp.uni-trier.de}
}

@InProceedings{Collins:97,
  title={Three generative, lexicalised models for statistical parsing},
  author={Michael Collins},
  booktitle={Proceedings of the 35th Annual Meeting of the Association for Computational Linguistics and Eighth Conference of the European Chapter of the Association for Computational Linguistics},
  pages={16--23},
  year={1997},
  organization={Association for Computational Linguistics}
}


@InProceedings{Curran:02,
  author = 	 {James R. Curran and Marc Moens},
  title = 	 {Improvements in automatic thesaurus extraction},
  booktitle = 	 {ACL-SIGLEX Workshop on Unsupervised Lexical Acquisition},
  year =	 2002,
  address =	 {Philadelphia}
}

@inproceedings{Dagan:94,
  author =	 {Ido Dagan and Fernando Pereira and Lillian Lee},
  title =	 {Similarity-based estimation of word cooccurrence
                  probabilities},
  booktitle = 	 "32nd Annual Meeting of the ACL",
  pages =	 {272-278},
  year = 	 1994
}

@InProceedings{Dagan:97,
  title =	"Similarity-Based Methods for Word Sense
		 Disambiguation",
  author =	"Ido Dagan and Lillian Lee and Fernando C. N. Pereira",
  year = 	"1997",
  bibdate =	"2002-01-03",
  bibsource =	"DBLP,
		 http://dblp.uni-trier.de/db/conf/acl/acl97.html#DaganLP97",
  booktitle =	"ACL",
  pages =	"56--63",
}

@Article{Deerwester:90,
  author =       "Scott Deerwester and Susan Dumais and George Furnas
                 and Thomas Landauer and Richard Harshman",
  title =        "Indexing by Latent Semantic Analysis",
  journal =      "Journal of the American Society for Information
                 Science",
  year =         "1990",
  volume =       "41",
  number =       "6",
  pages =        "391--407",
  annote =       "information retrieval, document retrieval, querying,
                 factor analysis, latent semantic indexing, LSI,
                 Bellcore",
}


@inproceedings{Dolan:94,
  author    = {William B. Dolan},
  title     = {Word Sense Ambiguation: Clustering Related Senses.},
  booktitle = {COLING},
  year      = {1994},
  pages     = {712-716},
  ee        = {http://acl.ldc.upenn.edu/C/C94/C94-2113.pdf},
  bibsource = {DBLP, http://dblp.uni-trier.de}
}

@Book{Engelking:89,
  author = 	 {Ryszard Engelking},
  title = 	 {General {T}opology},
  publisher = 	 {Heldermann, Berlin},
  year = 	 1989,

}

@inproceedings{Erk:08,
    author = "Katrin Erk and Sebastian Pad{\'o}",
    title = "A structured vector space model for word meaning in context",
    booktitle = "Proceedings of EMNLP",
    year = "2008"
}

@inproceedings{Erk:09,
  title={Paraphrase assessment in structured vector space: Exploring parameters and datasets},
  author={Katrin Erk and Sebastian Pad{\'o}},
  booktitle={Proceedings of the Workshop on Geometrical Models of Natural Language Semantics},
  pages={57--65},
  year={2009},
  organization={Association for Computational Linguistics}
}

%Katrin Erk and Sebastian Pado. Paraphrase assessment in structured vector space: Exploring parameters and datasets. Proceedings of the EACL Workshop on Geometrical Methods for Natural Language Semantics (GEMS). 

@Book{Fellbaum:98,
  editor =	"Christaine Fellbaum",
  title =	"Word{N}et: An Electronic Lexical Database",
  publisher =	"The {MIT} Press",
  year = 	"1989",
  address =	"Cambridge, Massachusetts",
  xref = 	"Review: lin_dk:1999a.",
  topic =	"wordnet;clcourse;",
}

@incollection{Firth:57,
  title={A synopsis of linguistic theory, 1930--1955},
  author={John R. Firth},
  booktitle={Selected papers of JR Firth, 1952--59},
  publisher={Indiana University Press},
  year={1968},
  pages={168--205},
}

@incollection{Firth:57a,
	author = "John R. Firth",
	booktitle = "Papers in Linguistics 1934--1951",
	title = "Modes of Meaning",
	publisher = "Oxford University Press",
	year = "1957",
	address = "London"
}

@Article{Foltz:98,
  author = "Peter W. Foltz and Walter Kintsch and Thomas K. Landauer",
  year = "1998",
  title = "The measurement of textual coherence with latent semantic analysis",
  journal = "Discourse Process",
  volume = "15",
  pages = "285--307",
}

@inproceedings{Garrette:11,
  title={Integrating logical representations with probabilistic information using markov logic},
  author={Garrette, Dan and Erk, Katrin and Mooney, Raymond},
  booktitle={Proceedings of the Ninth International Conference on Computational Semantics},
  pages={105--114},
  year={2011},
  organization={Association for Computational Linguistics}
}

@inproceedings{Geffet:05,
  title={The distributional inclusion hypotheses and lexical entailment},
  author={Geffet, M. and Dagan, I.},
  booktitle={Proceedings of the 43rd Annual Meeting on Association for Computational Linguistics},
  pages={107--114},
  year={2005},
  organization={Association for Computational Linguistics}
}

@article{Girard:87,
	author = "J.~Y.~Girard",
	year = "1987",
	title = "Linear Logic",
	journal = "Theoretical Computer Science",
	pages = "1--102",
	volume = "50"
}


@incollection{Girard:95,
	author="J.~Y.~Girard",
	year = "1995",
	title="Geometry of Interaction {III}: Accommodating the Additives",
	booktitle="Advances in Linear Logic",
	editor = "J.~Y.~Girard and Y.~Lafont and L.~Regnier",
	pages = "329--389",
	publisher = "Cambridge University Press"
}

@InProceedings{Glickman:05,
  title={A probabilistic setting and lexical cooccurrence model for textual entailment},
  author={Glickman, O. and Dagan, I.},
  booktitle={Proceedings of the ACL Workshop on Empirical Modeling of Semantic Equivalence and Entailment},
  pages={43--48},
  year={2005},
  organization={Association for Computational Linguistics}
}

@Book{Grefenstette:94,
  author =	"Gregory Grefenstette",
  title =	"Explorations in automatic thesaurus discovery",
  publisher =	"Kluwer Academic Publishers",
  address =	"Dordrecht, NL",
  year = 	"1994",
}

@article{Grefenstette:11,
  title = "Concrete Sentence Spaces for Compositional Distributional Models of Meaning",
  author = "Edward Grefenstette and Mehrnoosh Sadrzadeh and Stephen Clark and Bob Coecke and Stephen Pulman",
  year = "2011",
  journal = "Proceedings of the 9th International Conference on Computational Semantics (IWCS 2011)",
  url = "http://arxiv.org/abs/1101.0309",
  pages = {125--134}
}

@inproceedings{Grefenstette:11b,
  title={Experimental support for a categorical compositional distributional model of meaning},
  author={Grefenstette, Edward and Sadrzadeh, Mehrnoosh},
  booktitle={Proceedings of the Conference on Empirical Methods in Natural Language Processing},
  pages={1394--1404},
  year={2011},
  organization={Association for Computational Linguistics}
}

@inproceedings{Grefenstette:13,
  title={Towards a Formal Distributional Semantics: Simulating Logical Calculi with Tensors},
  author={Grefenstette, Edward},
  booktitle={Proceedings of the Second Joint Conference on Lexical and Computational Semantics},
  year={2013},
  organization={Proceedings of the Second Joint Conference on Lexical and Computational Semantics}
}

@inproceedings{Guevara:10,
  title={{A Regression Model of Adjective-Noun Compositionality in Distributional Semantics}},
  author={Emiliano Guevara},
  booktitle = {Proceedings of the ACL GEMS Workshop},
  pages={33--37},
  year={2010}
}

@inproceedings{Guevara:11,
  title={Computing Semantic Compositionality in Distributional Semantics},
  author={Emiliano Guevara},
  booktitle = {Proceedings of the 9th International Conference on Computational Semantics (IWCS 2011)},
  year={2011},
  pages = {135--144}
}

@Article{Hajek:98,
  author =	"Petr H\'{a}jek",
  title =	"Basic fuzzy logic and {BL}-algebras",
  journal =	"Soft Computing---A Fusion of Foundations,
		 Methodologies and Applications",
  year = 	"1998",
  volume =	"2",
  number =	"3",
  pages =	"124--128",
  month =	sep,
}

@Book{Halmos:74,
  author = "Paul Halmos",
  year = "1974",
  title = "Finite dimensional vector spaces",
  publisher = "Springer",
  isbn = "0387900934"
}

@book{Harris:68,
	author = "Zellig Harris",
	title = "Mathematical Structures of Language",
	year = "1968",
	publisher = "Wiley, New York"
}

@incollection{Harris:85,
	author = "Zellig Harris",
	title = "Distributional Structure",
	booktitle = "The Philosophy of Linguistics",
	editor = "Jerrold J.~Katz",
	year = "1985",
	pages = "26--47",
	publisher = "Oxford University Press"
}

@inproceedings{Herrera:05,
	author = "Jes\'us Herrera and Anselmo Pe\~nas and Felisa Verdejo",
	title = "Textual Entailment Recognition Based on Dependency Analysis and WordNet",
	booktitle = "Proceedings of the Recognising Textual Entailment Challenge",
	year = "2005",
}

@book{Hinman:05,
	author = "P.~Hinman",
	title = "Fundamentals of Mathematical Logic",
	publisher = "A.~K.~Peters",
	year = "2005"
}

@InProceedings{Hickl:06,
  title =       "Recognizing Textual Entailment with {LCC}'s Groundhog System",
  author =      "Andrew Hickl and John Williams and Jeremy Bensley and Kirk Roberts and Bryan Rink and Ying Shi",
  year =        "2006",
  booktitle =   "Proceedings of the Second PASCAL
Challenges Workshop",
}

@InProceedings{Hindle:90,
  title =	"Noun Classification from Predicate-Argument
		 Structures",
  author =	"Donald Hindle",
  booktitle = "Proceedings of the 28th annual meeting on Association for Computational Linguistics",
  year = 	"1990",
  bibdate =	"2002-01-03",
  bibsource =	"DBLP,
		 http://dblp.uni-trier.de/db/conf/acl/acl90.html#Hindle90",
  pages =	"268--275",
}

@InProceedings{Hofmann:99,
  author =	"Thomas Hofmann",
  title =	"Probabilistic latent semantic analysis",
  booktitle =	"Proceedings of the 15th Conference on Uncertainty in
		 AI",
  year = 	"1999",
  publisher =	"Morgan Kaufmann",
  pages =	"289--296",
  citeseer =	"http://citeseer.ist.psu.edu/hofmann99probabilistic.html",
}

@incollection{Honeybone:05,
	editor="S.~Chapman and C.~Routledge",
	booktitle="Key Thinkers in Linguistics and the Philosophy of Language",
	publisher="Edinburgh University Press",
	author="Patrick Honeybone",
	title={{J.~R.~Firth}},
	year="2005"
}

@Book{Howie:91,
 author = "J. M. Howie",
 title = "Automata and Languages",
 publisher = "Oxford Science Publications",
 year = "1991"
}

@Book{Howie:76,
  author =       "J. M. Howie",
  title =        "An Introduction to Semigroup Theory",
  publisher =    "Academic Press",
  address =      "London",
  year =         "1976",
  ISBN =         "0-12-356950-8",
  descriptor =   "Aequivalenz, Gruppe, Halbgruppe, Invers, Orthodox,
                 Regulaer",
}

@Article{Hoyer:04,
  title={Non-negative matrix factorization with sparseness constraints},
  author={Hoyer, Patrik O},
  journal={The Journal of Machine Learning Research},
  volume={5},
  pages={1457--1469},
  year={2004},
  publisher={JMLR. org}
}

@Article{Iwanska:93,
    title = {Logical Reasoning in Natural Language: It Is All About Knowledge},
    author = {{\L}ucja Iwanska},
    year = {1993},
    journal = {International Journal of of Minds and Machines},
    volume = {3(4)}
}


@inproceedings{Jiang:97,
  title =       "Semantic Similarity Based on Corpus Statistics and
                 Lexical Taxonomy",
  author =      "Jay J. Jiang and David W. Conrath",
  booktitle="Proceedings of the International Conference on Research in Computational Linguistics",
  year="1998",
}

@INCOLLECTION(joshi:91,
        AUTHOR = "Joshi, Aravind K. and Schabes, Yves",
        TITLE = "Tree-Adjoining Grammars and Lexicalized Grammars",
        BOOKTITLE = "Definability and Recognizability of Sets of Trees",
        PUBLISHER = "Elsevier",
        YEAR = "1991",
        EDITOR = "Nivat, Maurice and Podelski, Andreas")

@Book{Kamp:93,
  author =      "Hans Kamp and Uwe Reyle",
  title =       "From Discourse to Logic: Introduction to
                 Modeltheoretic Semantics of Natural Language, Formal
                 Logic and Discourse Representation Theory",
  publisher =   "Kluwer, Dordrecht",
  year =        "1993",
  volume =      "42",
  series =      "Studies in linguistics and philosophy",
}


@PhdThesis{Kaplan:00,
  title =	"A computational model of belief",
  author =	"Aaron Nathan Kaplan",
  year = 	"2000",
  bibsource =	"OAI-PMH server at alcme.oclc.org",
  description =  "Typescript (photocopy).; Includes vita and abstract.;
		 Thesis (Ph. D.)--University of Rochester. Dept. of
		 Computer Science, 2000.; Includes bibliographical
		 references (leaves 148-154).",
  oai =  	"oai:xtcat.oclc.org:OCLCNo/ocm45547311",
  school =	"University of Rochester. Dept. of Computer Science",
}

@InProceedings{Kilgarriff:03,
  author = 	 {Adam Kilgarriff},
  title = 	 {Thesauruses for Natural Language Processing},
  booktitle = 	 {Proceedings of the Joint Conference on Natural Language Processing and Knowledge Engineering},
  pages =	 {5--13},
  year =	 2003,
  address =	 {Beijing, China}
}

@INPROCEEDINGS{Calvo05distributionalthesaurus,
    author = {Hiram Calvo and Er Gelbukh and Adam Kilgarriff},
    title = {Distributional Thesaurus vs. {W}ord{N}et: A Comparison of Backoff Techniques for Unsupervised PP Attachment},
    booktitle = {In Proceedings of Sixth International Conference on Intelligent Text Processing and Computational Linguistics: CICLING05},
    year = {2005},
    pages = {172--182}
}

@Article{Kintsch:01,
  author =       "Walter Kintsch",
  title =        "Predication",
  journal =      "Cognitive Science",
  volume =       "25",
  year =         "2001",
  pages =        "173--202"
}

@InProceedings{Klein:03,
  author =	"Dan Klein and Christopher D. Manning",
  title =	"Accurate Unlexicalized Parsing",
  booktitle =	"Proceedings of the 41st Annual Meeting of the
		 Association for Computational Linguistics",
  year = 	"2003",
}

@inproceedings{Kobayashi:08,
  title={Cone-restricted subspace methods},
  author={Kobayashi, Takumi and Otsu, Nobuyuki},
  booktitle={Pattern Recognition, 2008. ICPR 2008. 19th International Conference on},
  pages={1--4},
  year={2008},
  organization={IEEE}
}

@article{Kotlerman:10,
  title={Directional distributional similarity for lexical inference},
  author={Kotlerman, Lili and Dagan, Ido and Szpektor, Idan and Zhitomirsky-Geffet, Maayan},
  journal={Natural Language Engineering},
  volume={16},
  number={4},
  pages={359},
  year={2010},
  publisher={Cambridge Univ Press}
}

@Book{Kreyszig:89,
  author =      "Erwin Kreyszig",
  title =       "Introduction to Functional Analysis with
                 Applications",
  publisher =   "Robert E. Krieger Publishing Company",
  address =     "Malabar, Florida",
  year =        "1989",
}

@InProceedings{Kundu:94,
  author =	"S. Kundu and J. Chen",
  title =	"Fuzzy logic or {Lukasiewicz} logic: a clarification",
  pages =	"56--64",
  ISBN = 	"3-540-58495-1",
  editor =	"Zbigniew W. Ra{\'s} and Maria Zemankova",
  booktitle =	"Proceedings of the 8th International Symposium on
		 Methodologies for Intelligent Systems",
  month =	oct,
  series =	"LNAI",
  volume =	"869",
  publisher =	"Springer",
  address =	"Berlin",
  year = 	"1994",
}

@book{Kyburg:01,
  author =	"Henry E. Kyburg and Choh Man Teng",
  title = "Uncertain Inference",
  year = "2001",
  publisher = "Cambridge University Press"
}

@InProceedings{Lafferty:92,
  author =       "John Lafferty and Daniel Sleator and Davy Temperley",
  title =        "Grammatical trigrams: {A} probabilistic model of
                 {LINK} Grammar",
  pages =        "89--97",
  booktitle =    "Proc.\ of the AAAI Fall Symposium on Probabilistic
                 Approaches to Natural Language. Cambridge, MA, 1992",
  year =         "1992",
  publisher =    "AAAI Press",
  address =      "Menlo Park, CA",
  keywords =     "dependency grammar, n-gram model, probabilistic
                 grammar",
}

@Article{Lambek:58,
  author =       "Joachim Lambek",
  title =        "The mathematics of sentence structure",
  journal =      "American Mathematical Monthly",
  volume =       "65",
  year =         "1958",
  pages =        "154--169"
}

@article{Lambek:61,
  title={On the calculus of syntactic types},
  author={Lambek, Joachim},
  journal={Structure of language and its mathematical aspects},
  pages={166--178},
  year={1961}
}


@InCollection{Lambek:93,
  author =      "Joachim Lambek",
  title =       "From Categorial Grammar to Bilinear Logic",
  booktitle =   "Substructural Logics",
  publisher =   "Oxford Univ.\null{} Press",
  year =        "1993",
  editor =      "Kosta Do{\v{s}}en and Peter Schroeder-Heister",
  pages =       "207--238",
}

@Article{Lambek:01,
  title =       "Type Grammars as Pregroups",
  author =      "Joachim Lambek",
  journal =     "Grammars",
  year =        "2001",
  number =      "1",
  volume =      "4",
  bibdate =     "2002-01-03",
  bibsource =   "DBLP,
                 http://dblp.uni-trier.de/db/journals/grammars/grammars4.html#Lambek01",
  pages =       "21--39",
}

@Article{Landauer:97,
  author = "Thomas K. Landauer and Susan T. Dumais",
  year = "1997",
  title = "A solution to {P}lato's problem: the latent semantic analysis theory of acquisition, induction and representation of knowledge",
  journal = "Psychological Review",
  volume = "104",
  number = "2",
  pages = "211--240",
}


@InProceedings{Lee:99,
  author = 	 {Lillian Lee},
  title = 	 {Measures of Distributional Similarity},
  booktitle = 	 {Proceedings of the 37th Annual Meeting of the Association for Computational Linguistics (ACL-1999)},
  pages =        {23--32},
  year =	 1999
}

@article{Lewis:13,
  title={Combined Distributional and Logical Semantics},
  author={Lewis, Mike and Steedman, Mark},
  journal={Transactions of the Association for Computational Linguistics},
  year={2013},
  pages={179--192},
  volume={1}
}



@article{Lin:03,
  title={{Dependency-based evaluation of MINIPAR}},
  author={Dekang Lin},
  journal={Treebanks: building and using parsed corpora},
  year={2003},
  pages={317--330}
}

@InProceedings{Lin:98,
  author    = {Dekang Lin},
  title     = {Automatic Retrieval and Clustering of Similar Words},
  booktitle = {Proceedings of the 36th Annual Meeting of the Association for Computational Linguistics and 17th International Conference on Computational Linguistics, Volume 2},
  month     = {August},
  year      = {1998},
  address   = {Montreal, Quebec, Canada},
  publisher = {Association for Computational Linguistics},
  pages     = {768--774},
  url       = {http://www.aclweb.org/anthology/P98-2127},
  doi       = {10.3115/980691.980696}
}

@InProceedings{Lin:01,
  author =	"Dekang Lin and Patrick Pantel",
  title =	"{DIRT} --- Discovery of Inference Rules from Text",
  pages =	"323--328",
  editor =	"Foster Provost and Ramakrishnan Srikant",
  booktitle =	"Proceedings of the Seventh {ACM} {SIGKDD}
		 International Conference on Knowledge Discovery and
		 Data Mining ({KDD}-01)",
  month =	aug # " ~26--29",
  publisher =	"ACM Press",
  address =	"New York",
  year = 	"2001",
}

@Article{Lodhi:02,
  author =      "Huma Lodhi and Craig Saunders and John Shawe-Taylor
                 and Nello Cristianini and Chris Watkins",
  title =       "Text Classification using String Kernels",
  journal =     "Journal of Machine Learning Research",
  volume =      "2",
  year =        "2002",
  pages =       "419--444",
}


@Book{Manning:99,
  title =       "Foundations of Statistical Natural Language
                 Processing",
  publisher =   "MIT Press",
  year =        "1999",
  author =      "Christopher Manning and Hinrich Sch{\"u}tze",
  address =     "Cambridge, MA",
  topics =      "source:serge",
}

@Book{Marcus:67,
 author = "Solomon Marcus",
 title = "Algebraic Linguistics; Analytical Models",
 publisher = "Academic Press",
 year = "1967",
 address = "New York and London"
}

@inproceedings{McCarthy:04,
  author    = {McCarthy, Diana  and  Koeling, Rob  and  Weeds, Julie  and  Carroll, John},
  title     = {Finding Predominant Word Senses in Untagged Text},
  booktitle = {Proceedings of the 42nd Meeting of the Association for Computational Linguistics (ACL'04), Main Volume},
  year      = 2004,
  month     = {July},
  address   = {Barcelona, Spain},
  pages     = {279--286},
  url       = {http://www.aclweb.org/anthology/P04-1036},
  doi       = {10.3115/1218955.1218991}
}


@inproceedings{McCarthy:03,
  title =	"Detecting a Continuum of Compositionality in Phrasal
		 Verbs.",
  author =	"Diana Mccarthy and Bill Keller and John Carroll",
  year = 	"2003",
  booktitle = "Proceedings of the ACL-SIGLEX Workshop on Multiword Expressions: Analysis, Acquisition and Treatment",
  location = "Sapporo, Japan"
}

@InProceedings{Mitchell:08,
  author    = {Jeff Mitchell  and Mirella Lapata},
  title     = {Vector-based Models of Semantic Composition},
  booktitle = {Proceedings of ACL-08: HLT},
  month     = {June},
  year      = {2008},
  address   = {Columbus, Ohio},
  publisher = {Association for Computational Linguistics},
  pages     = {236--244},
  url       = {http://www.aclweb.org/anthology/P/P08/P08-1028}
}

@article{Miller:91,
    author = {Miller, George A. and Charles, Walter G.},
    journal = {Language and Cognitive Processes},
    keywords = {miller-91, semantic-similarity},
    number = {1},
    pages = {1--28},
    posted-at = {2008-05-06 22:46:47},
    priority = {2},
    publisher = {Psychology Press},
    title = {{Contextual correlates of semantic similarity}},
    volume = {6},
    year = {1991}
}

@InProceedings{miller-EtAl:2012:PAPERS,
  author    = {Miller, Tristan  and  Biemann, Chris  and  Zesch, Torsten  and  Gurevych, Iryna},
  title     = {Using Distributional Similarity for Lexical Expansion in Knowledge-based Word Sense Disambiguation},
  booktitle = {Proceedings of COLING 2012},
  month     = {December},
  year      = {2012},
  address   = {Mumbai, India},
  publisher = {The COLING 2012 Organizing Committee},
  pages     = {1781--1796},
  url       = {http://www.aclweb.org/anthology/C12-1109}
}

@Article{Munn:74,
  author =       "W. D. Munn",
  title =        "Free Inverse Semigroup",
  journal =      "Proceedings of the London Mathematical Society",
  year =         "1974",
  volume =       "29",
  pages =        "385--404",
}

@Misc{National:98,
  author =	 {{National Library of Medicine}},
  title =	 {{UMLS Knowledge Sources}},
  howpublished = {{National Library of Medicine, U.S. Dept. of Health and Human Services, 8th edition}},
  year =	 1998
}

@InProceedings{Nielson:06,
  title =       "Toward Dependency Path based Entailment",
  author =      "Rodney D.~Nielson and Wayne Ward and James H.~Martin",
  publisher =   "The Association for Computer Linguistics",
  year =        "2006",
  booktitle =   "Proceedings of the Second PASCAL
Challenges Workshop",
}

@Article{Nilsson:86,
  author =	"N. Nilsson",
  title =	"Probabilistic Logic",
  journal =	"Artificial Intelligence",
  volume =	"28",
  year = 	"1986",
  pages =	"71--87",
}

@InProceedings{Papadimitriou:98,
  author =	"Christos H. Papadimitriou and Prabhakar Raghavan and
		 Hisao Tamaki and Santosh Vempala",
  year = 	"1998",
  address =	"Seattle, Washington",
  booktitle =	"Proceedings of the Seventeenth ACM
		 SIGACT-SIGMOD-SIGART Symposium on Principles of
		 Database Systems",
  editor =	"Laura Haas and Ashutosh Tiwary",
  pages =	"159--168",
  publisher =	"ACM Press",
  type = 	"InProceedings",
  volume =	"27",
  title =	"Latent semantic indexing: {A} probabilistic analysis",
}

@InProceedings{Pekar:03,
  title = "Word classification based on combined measures of distributional and semantic similarity",
  booktitle = "Proc. Research Notes of the 10th Conference of the European Chapter of the Association for Computational Linguistics, April 12-17, Budapest, Hungary",
  year = "2003",
  author = "Viktor Pekar and Steffen Staab"
}

@Article{Pentus:95,
  author =       "Mati Pentus",
  title =        "Models for the Lambek Calculus",
  journal =      "Annals of Pure and Applied Logic",
  volume =       "75",
  year =         "1995",
  pages =        "179--213"
}


@InProceedings{Pereira:93,
  author =       "Fernando Pereira and Naftali Tishby and Lillian Lee",
  title =        "Distributional Clustering of {English} Words",
  booktitle =    "Proceedings of {ACL}-93",
  year =         "1993",
  annote =       "Keywords: word classes, cluster analysis, simulated
                 annealing",
}

@article{Preller:09,
title = "Bell States and Negative Sentences in the Distributed Model of Meaning",
journal = "Electronic Notes in Theoretical Computer Science",
volume = "270",
number = "2",
pages = "141--153",
year = "2011",
note = "Proceedings of the 6th International Workshop on Quantum Physics and Logic (QPL 2009)",
issn = "1571-0661",
doi = "DOI: 10.1016/j.entcs.2011.01.028",
url = "http://www.sciencedirect.com/science/article/pii/S1571066111000296",
author = "Anne Preller and Mehrnoosh Sadrzadeh",
keywords = "Compact Closed Categories",
keywords = "Pregroups",
keywords = "Vector Spaces",
keywords = "Distributed Model of Meaning",
keywords = "Linguistics",
keywords = "Bell States"
}

@inproceedings{Purandare:04,
  author    = {Amruta Purandare and
               Ted Pedersen},
  title     = {SenseClusters - Finding Clusters that Represent Word Senses.},

  year      = {2004},
  pages     = {1030-1031},
  crossref  = {DBLP:conf/aaai/2004},
  bibsource = {DBLP, http://dblp.uni-trier.de}
}

@proceedings{DBLP:conf/aaai/2004,
  booktitle     = {Proceedings of the Nineteenth National Conference on Artificial
               Intelligence, Sixteenth Conference on Innovative Applications
               of Artificial Intelligence, July 25-29, 2004, San Jose,
               California, USA},

  year      = {2004},
  isbn      = {0-262-51183-5},
  bibsource = {DBLP, http://dblp.uni-trier.de}
}

.........................
.......RTE 1 Papers......


@inproceedings{Akhmatova:05,
	author = "Elena Akhmatova",
	title = "Textual Entailment Resolution via Atomic Propositions",
	crossref = "RTE1"
}

@inproceedings{Bayer:05,
	title = "{MITRE}'s Submissions to the {EU} Pascal {RTE} Challenge",
	author = "Samuel Bayer and John Burger and Lisa Ferro and John Henderson and Alexander Yeh",
	crossref = "RTE1"
}

@inproceedings{Dagan:05,
	author = "Ido Dagan and Oren Glickman and Bernardo Magnini",
	title = "The PASCAL Recognising Textual Entailment Challenge",
	booktitle = "Proceedings of the  PASCAL Challenges Workshop on Recognising Textual Entailment",
	year = "2005",
	pages = {1--8}
}
crossref = "RTE1"


@inproceedings{Delmonte:05,
	title = "{VENSES} - a Linguistically-Based System for Semantic Evaluation",
	author = "Rodolfo Delmonte and Sara Tonelli and Marco Aldo Piccolino Boniforti and Antonella Bristot and Emanuele Pianta",
	crossref = "RTE1"
}

@inproceedings{Fowler:05,
	title = "Applying {COGEX} to Recognize Textual Entailment",
	author = "Abraham Fowler and Bob Hauser and Daniel Hodges and Ian Niles and Adrian Novischi and Jens Stephan",
	crossref = "RTE1"
}

@inproceedings{Raina:05,
	title = "Robust Textual Inference using Diverse Knowledge Sources",
	author = "Rajat Raina and Aria Haghighi and Christopher Cox and Jenny Finkel and Jeff Michels and Kristina Toutanova and Bill MacCartney and Marie-Catherine de Marneffe and Christopher D. Manning and Andrew Y. Ng",
	crossref = "RTE1"
}

@proceedings{RTE1,
	title = "Proceedings of the  PASCAL Challenges Workshop on Recognising Textual Entailment",
	editor = "Ido Dagan and Oren Glickman and Bernardo Magnini",
	year = "2005",
}
...End of RTE 1 Papers...
.........................

@Article{Rada:89,
  key =  	"Rada et al.",
  author =	"R.~Rada and H.~Mili and E.~Bicknell and M.~Blettner",
  title =	"Development and Application of a Metric on Semantic
		 Nets",
  journal =	"IEEE Transactions on Systems, Man, and Cybernetics",
  pages =	"17--30",
  volume =	"19",
  number =	"1",
  month =	jan # "-" # feb,
  year = 	"1989",
  location =	"CMU E\&{}S Library",
}

@InProceedings{Resnik:95,
  title =	"Using Information Content to Evaluate Semantic
		 Similarity in a Taxonomy",
  author =	"Philip Resnik",
  year = 	"1995",
  bibdate =	"2002-01-03",
  bibsource =	"DBLP,
		 http://dblp.uni-trier.de/db/conf/ijcai/ijcai95.html#Resnik95",
  booktitle =	"IJCAI",
  pages =	"448--453",
}

@Article{Reyle:93,
  author =	"Uwe Reyle",
  title =	"Dealing with Ambiguities by Underspecification:
		 Construction, Representation, and Deduction",
  journal =	"Journal of Semantics",
  year = 	"1993",
  volume =	"10",
  number =	"2",
  pages =	"123--179",
  topic =	"ambiguity;semantic-underspecification;nl-quantifier-scope;",
}

@InProceedings{Rudolph:10,
  author    = {Rudolph, Sebastian  and  Giesbrecht, Eugenie},
  title     = {Compositional Matrix-Space Models of Language},
  booktitle = {Proceedings of the 48th Annual Meeting of the Association for Computational Linguistics},
  month     = {July},
  year      = {2010},
  address   = {Uppsala, Sweden},
  publisher = {Association for Computational Linguistics},
  pages     = {907--916},
  url       = {http://www.aclweb.org/anthology/P10-1093}
}

@inproceedings{Sato:95,
  title={A statistical learning method for logic programs with distribution semantics},
  author={Sato, Taisuke},
  booktitle={IN PROCEEDINGS OF THE 12TH INTERNATIONAL CONFERENCE ON LOGIC PROGRAMMING (ICLP’95},
  year={1995},
  organization={Citeseer}
}

@inproceedings{Sato:97,
  title={PRISM: a language for symbolic-statistical modeling},
  author={Sato, Taisuke and Kameya, Yoshitaka},
  booktitle={IJCAI},
  volume={97},
  pages={1330--1339},
  year={1997},
  organization={Citeseer}
}

@Article{Schutze:98,
  author =       "Heinrich Sch{\"u}tze",
  title =        "Automatic Word Sense Discrimination",
  journal =      "Computational Linguistics",
  year =         "1998",
  volume =       "24",
  number =       "1",
  pages =        "97--123",
  topic =        "lexical-disambiguation;",
}

@Article{Sahlgren:02,
  author =      "Magnus Sahlgren and Jussi Karlgren",
  title =       "Vector-Based Semantic Analysis Using Random Indexing
                 for Cross-Lingual Query Expansion",
  journal =     "Lecture Notes in Computer Science",
  volume =      "2406",
  pages =       "169--176",
  year =        "2002",
}

@techreport{Sleator:91,
    author = "Daniel D.~Sleator and Davy Temperley",
    title = "Parsing English with a Link Grammar",
    institution = "Department of Computer Science, Carnegie Mellon University",
    year = "1991",
    number = "CMU-CS-91-196"
}

@InProceedings{Sleator:93,
  author =      "Daniel D.~Sleator and Davy Temperley",
  year =        "1993",
  month =       aug,
  booktitle =   "The Third International Workshop on Parsing
                 Technologies",
  title =       "Parsing English with a Link Grammar",
}

@Article{Smolensky:90,
  key =  	"Smolensky",
  author =	"Paul Smolensky",
  title =	"Tensor Product Variable Binding and the Representation
		 of Symbolic Structures in Connectionist Systems",
  journal =	"Artificial Intelligence",
  pages =	"159--216",
  volume =	"46",
  number =	"1-2",
  month =	nov,
  year = 	"1990",
  location =	"CMU E\&{}S Library",
}

@article{Snow:04,
  title={Learning syntactic patterns for automatic hypernym discovery},
  author={Snow, Rion and Jurafsky, Daniel and Ng, Andrew Y},
  journal={Advances in Neural Information Processing Systems 17},
  year={2004}
}

@inproceedings{Snow:06,
  title={Semantic taxonomy induction from heterogenous evidence},
  author={Snow, Rion and Jurafsky, Daniel and Ng, Andrew Y},
  booktitle={Proceedings of the 21st International Conference on Computational Linguistics and the 44th annual meeting of the Association for Computational Linguistics},
  pages={801--808},
  year={2006},
  organization={Association for Computational Linguistics}
}

@inproceedings{Socher:12,
  title={Semantic compositionality through recursive matrix-vector spaces},
  author={Socher, Richard and Huval, Brody and Manning, Christopher D and Ng, Andrew Y},
  booktitle={Proceedings of the 2012 Joint Conference on Empirical Methods in Natural Language Processing and Computational Natural Language Learning},
  pages={1201--1211},
  year={2012},
  organization={Association for Computational Linguistics}
}

@article{Song:03,
       Author = {Dawei Song and Peter D. Bruza},
       Journal = {Journal of the American Society for Information Science
and Technology (JASIST)},
       Pages = {321--334},
       Title = {Towards Context-sensitive Information Inference},
       Volume = {54},
       Year = {2003}
}

@Article{Steedman:93,
  author =	"Mark J. Steedman",
  title =	"{C}ategorial {G}rammar",
  journal =	"Lingua",
  year = 	"1993",
  volume =	"90",
  pages =	"221--258",
  topics =	"subarea.cat",
}

@InProceedings{Szpektor2008,
  author    = {Szpektor, Idan  and  Dagan, Ido},
  title     = {Learning Entailment Rules for Unary Templates},
  booktitle = {Proceedings of the 22nd International Conference on Computational Linguistics (Coling 2008)},
  month     = {August},
  year      = {2008},
  address   = {Manchester, UK},
  publisher = {Coling 2008 Organizing Committee},
  pages     = {849--856},
  url       = {http://www.aclweb.org/anthology/C08-1107}
}

@InProceedings{Tatu:06,
  title =       "A Logic-Based Semantic Approach to Recognizing Textual
                 Entailment",
  author =      "Marta Tatu and Dan I. Moldovan",
  publisher =   "The Association for Computer Linguistics",
  year =        "2006",
  bibdate =     "2006-11-03",
  bibsource =   "DBLP,
                 http://dblp.uni-trier.de/db/conf/acl/acl2006.html#TatuM06",
  booktitle =   "ACL",
}

@book{Trefethen:97,
	author = "Lloyd N. Trefethen and David Bau",
	title = "Numerical Linear Algebra",
	publisher = "SIAM",
	year = "1997"
}


@book{Voiculescu:97,
	author ="Dan-Virgil Voiculescu",
	title = "Free Probability Theory",
	year = "1997",
	publisher = "American Mathematical Society"
}

@PhdThesis{Weeds:03,
  author = 	 {Julie Weeds},
  title = 	 {Measures and Applications of Lexical Distributional Similarity},
  school = 	 {Department of Informatics, University of Sussex},
  year = 	 {2003}
}

@inproceedings{Weeds:04,
  author    = {Weeds, Julie  and  Weir, David  and  McCarthy, Diana},
  title     = {Characterising Measures of Lexical Distributional Similarity },
  booktitle = {Proceedings of Coling 2004 },
  editor = {},
  year      = 2004,
  month     = {Aug 23--Aug 27},
  address   = {Geneva, Switzerland},
  publisher = {COLING},
  pages     = {1015--1021}
}

@proceedings{coling04,
    booktitle = {Proceedings of the 20th International Conference of Computational Linguistics,
            COLING-2004, Geneva, Switzerland.},
    year = {2004}
}

@inproceedings{Widdows2:03,
	author = {Dominic Widdows},
	title = {A Mathematical Model for Context and Word-Meaning},
	booktitle = {Fourth International and Interdisciplinary Conference on Modelling and Using Context, Stanford, California},
	year = {2003},
	pages = {369--382},
	
}

@inproceedings{Widdows:03,
  author    = {Dominic Widdows},
  title     = {Orthogonal Negation in Vector Spaces for Modelling Word-Meanings
               and Document Retrieval.},
  crossref = {ACL:03},
  year      = {2003},
  pages     = {136-143},
  ee        = {http://acl.ldc.upenn.edu/acl2003/main/pdfs/Widdows.pdf},
  bibsource = {DBLP, http://dblp.uni-trier.de}
}

@proceedings{ACL:03,
	booktitle = {Proceedings of the 41st Annual Meeting of the Association of Computational Linguistics, 2003, Sapporo, Japan},
	year = {2003}
}

@book{Widdows:04,
	author = "Dominic Widdows",
	title = "Geometry and Meaning",
	publisher = "Center for the Study of Language and Information",
	year = "2004",
	address = "Stanford"
}

@article{Williams:90,
author = {Peter Williams},
title = {Averaging and Eliciting Expert Opinion},
journal = {Artificial Intelligence},
year = {1990}
}

@inproceedings{Widdows:08,
     title = "Semantic Vector Products: Some Initial Investigations",
     author = "Dominic Widdows",
     booktitle = "Proceedings of the Second Symposium on Quantum Interaction, Oxford, UK",
     year = "2008",
     pages={1--8}
 }

@Book{Wittgenstein:53,
  author =       "Ludwig Wittgenstein",
  title =        "Philosophical Investigations",
  year =         "1953",
  publisher =    "Macmillan",
  note =         "G. Anscombe, translator",
  address =      "New York"
}

@Book{Wood:93,
	author = "Mary McGee Wood",
	title = "Categorial Grammars",
	year = "1993",
	publisher = "Routledge",
	address = "London"
}

@InProceedings{xue-hwa:2012:PAPERS,
  author    = {Xue, Huichao  and  Hwa, Rebecca},
  title     = {Modeling {ESL} Word Choice Similarities By Representing Word Intensions and Extensions},
  booktitle = {Proceedings of COLING 2012},
  month     = {December},
  year      = {2012},
  address   = {Mumbai, India},
  publisher = {The COLING 2012 Organizing Committee},
  pages     = {2915--2930},
  url       = {http://www.aclweb.org/anthology/C12-1178}
}

@InProceedings{Zanzotto:06,
  title =       "Learning textual entailment from examples",
  author =      "F.~M.~Zanzotto and A.AMoschitti and M.~Pennacchiotti and M.~T.~Pazienza",
  year =        "2006",
  booktitle =   "Proceedings of the Second PASCAL
Challenges Workshop",
}       

@InProceedings{berant-dagan-goldberger:2010:ACL,
  author    = {Berant, Jonathan  and  Dagan, Ido  and  Goldberger, Jacob},
  title     = {Global Learning of Focused Entailment Graphs},
  booktitle = {Proceedings of the 48th Annual Meeting of the Association for Computational Linguistics},
  month     = {July},
  year      = {2010},
  address   = {Uppsala, Sweden},
  publisher = {Association for Computational Linguistics},
  pages     = {1220--1229},
  url       = {http://www.aclweb.org/anthology/P10-1124}
}

@InProceedings{khapra-EtAl:2010:ACL,
  author    = {Khapra, Mitesh  and  Kulkarni, Anup  and  Sohoney, Saurabh  and  Bhattacharyya, Pushpak},
  title     = {All Words Domain Adapted {WSD}: Finding a Middle Ground between Supervision and Unsupervision},
  booktitle = {Proceedings of the 48th Annual Meeting of the Association for Computational Linguistics},
  month     = {July},
  year      = {2010},
  address   = {Uppsala, Sweden},
  publisher = {Association for Computational Linguistics},
  pages     = {1532--1541},
  url       = {http://www.aclweb.org/anthology/P10-1155}
}

@InProceedings{lee-EtAl:2012:EMNLP-CoNLL,
  author    = {Lee, Heeyoung  and  Recasens, Marta  and  Chang, Angel  and  Surdeanu, Mihai  and  Jurafsky, Dan},
  title     = {Joint Entity and Event Coreference Resolution across Documents},
  booktitle = {Proceedings of the 2012 Joint Conference on Empirical Methods in Natural Language Processing and Computational Natural Language Learning},
  month     = {July},
  year      = {2012},
  address   = {Jeju Island, Korea},
  publisher = {Association for Computational Linguistics},
  pages     = {489--500},
  url       = {http://www.aclweb.org/anthology/D12-1045}
}

@InProceedings{yih-zweig-platt:2012:EMNLP-CoNLL,
  author    = {Yih, Wen-tau  and  Zweig, Geoffrey  and  Platt, John},
  title     = {Polarity Inducing Latent Semantic Analysis},
  booktitle = {Proceedings of the 2012 Joint Conference on Empirical Methods in Natural Language Processing and Computational Natural Language Learning},
  month     = {July},
  year      = {2012},
  address   = {Jeju Island, Korea},
  publisher = {Association for Computational Linguistics},
  pages     = {1212--1222},
  url       = {http://www.aclweb.org/anthology/D12-1111}
}

@InProceedings{bergsma-EtAl:2010:EMNLP,
  author    = {Bergsma, Shane  and  Bhargava, Aditya  and  He, Hua  and  Kondrak, Grzegorz},
  title     = {Predicting the Semantic Compositionality of Prefix Verbs},
  booktitle = {Proceedings of the 2010 Conference on Empirical Methods in Natural Language Processing},
  month     = {October},
  year      = {2010},
  address   = {Cambridge, MA},
  publisher = {Association for Computational Linguistics},
  pages     = {293--303},
  url       = {http://www.aclweb.org/anthology/D10-1029}
}

@InProceedings{mcintosh:2010:EMNLP,
  author    = {McIntosh, Tara},
  title     = {Unsupervised Discovery of Negative Categories in Lexicon Bootstrapping},
  booktitle = {Proceedings of the 2010 Conference on Empirical Methods in Natural Language Processing},
  month     = {October},
  year      = {2010},
  address   = {Cambridge, MA},
  publisher = {Association for Computational Linguistics},
  pages     = {356--365},
  url       = {http://www.aclweb.org/anthology/D10-1035}
}

@InProceedings{zhang-chai:2010:EMNLP,
  author    = {Zhang, Chen  and  Chai, Joyce},
  title     = {Towards Conversation Entailment: An Empirical Investigation},
  booktitle = {Proceedings of the 2010 Conference on Empirical Methods in Natural Language Processing},
  month     = {October},
  year      = {2010},
  address   = {Cambridge, MA},
  publisher = {Association for Computational Linguistics},
  pages     = {756--766},
  url       = {http://www.aclweb.org/anthology/D10-1074}
}

@InProceedings{zapirain-EtAl:2010:NAACLHLT,
  author    = {Zapirain, Be\~{n}at  and  Agirre, Eneko  and  M\`{a}rquez, Llu\'{i}s  and  Surdeanu, Mihai},
  title     = {Improving Semantic Role Classification with Selectional Preferences},
  booktitle = {Human Language Technologies: The 2010 Annual Conference of the North American Chapter of the Association for Computational Linguistics},
  month     = {June},
  year      = {2010},
  address   = {Los Angeles, California},
  publisher = {Association for Computational Linguistics},
  pages     = {373--376},
  url       = {http://www.aclweb.org/anthology/N10-1058}
}

@InProceedings{rei-briscoe:2013:NAACL-HLT,
  author    = {Rei, Marek  and  Briscoe, Ted},
  title     = {Parser lexicalisation through self-learning},
  booktitle = {Proceedings of the 2013 Conference of the North American Chapter of the Association for Computational Linguistics: Human Language Technologies},
  month     = {June},
  year      = {2013},
  address   = {Atlanta, Georgia},
  publisher = {Association for Computational Linguistics},
  pages     = {391--400},
  url       = {http://www.aclweb.org/anthology/N13-1040}
}

@InProceedings{szarvas-biemann-gurevych:2013:NAACL-HLT,
  author    = {Szarvas, Gy\"{o}rgy  and  Biemann, Chris  and  Gurevych, Iryna},
  title     = {Supervised All-Words Lexical Substitution using Delexicalized Features},
  booktitle = {Proceedings of the 2013 Conference of the North American Chapter of the Association for Computational Linguistics: Human Language Technologies},
  month     = {June},
  year      = {2013},
  address   = {Atlanta, Georgia},
  publisher = {Association for Computational Linguistics},
  pages     = {1131--1141},
  url       = {http://www.aclweb.org/anthology/N13-1133}
}

@InProceedings{fountain-lapata:2012:NAACL-HLT,
  author    = {Fountain, Trevor  and  Lapata, Mirella},
  title     = {Taxonomy Induction Using Hierarchical Random Graphs},
  booktitle = {Proceedings of the 2012 Conference of the North American Chapter of the Association for Computational Linguistics: Human Language Technologies},
  month     = {June},
  year      = {2012},
  address   = {Montr\'{e}al, Canada},
  publisher = {Association for Computational Linguistics},
  pages     = {466--476},
  url       = {http://www.aclweb.org/anthology/N12-1051}
}

@InProceedings{dodge-EtAl:2012:NAACL-HLT,
  author    = {Dodge, Jesse  and  Goyal, Amit  and  Han, Xufeng  and  Mensch, Alyssa  and  Mitchell, Margaret  and  Stratos, Karl  and  Yamaguchi, Kota  and  Choi, Yejin  and  Daume III, Hal  and  Berg, Alex  and  Berg, Tamara},
  title     = {Detecting Visual Text},
  booktitle = {Proceedings of the 2012 Conference of the North American Chapter of the Association for Computational Linguistics: Human Language Technologies},
  month     = {June},
  year      = {2012},
  address   = {Montr\'{e}al, Canada},
  publisher = {Association for Computational Linguistics},
  pages     = {762--772},
  url       = {http://www.aclweb.org/anthology/N12-1094}
}

@Book{Nivre2006,
author = "J. Nivre",
title= "Inductive Dependency Parsing",
publisher = "Springer",
year = "2006"
}

@inProceedings{Dinu2012,
author = "Georgiana Dinu and Stefan Thater",
title= "Saarland: Vector-based models of semantic textual similarity",
booktitle="Proceedings of the First Joint Conference on Lexical and Computational Semantics",
year = {2012}
}
